@ARTICLE{2018arXiv180708834M,
   author = {{Mallik}, A. and {Almquist}, Z.~W.},
    title = "{Stable Multiple Time Step Simulation/Prediction from Lagged Dynamic Network Regression Models}",
  journal = {ArXiv e-prints},
archivePrefix = "arXiv",
   eprint = {1807.08834},
 primaryClass = "stat.CO",
 keywords = {Statistics - Computation, Statistics - Methodology},
     year = 2018,
    month = jul,
   adsurl = {http://adsabs.harvard.edu/abs/2018arXiv180708834M},
  adsnote = {Provided by the SAO/NASA Astrophysics Data System}
}